@ARTICLE{article:Ejemplo,
  author = {Autor Apellidos},
  title = {Titulo del artículo},
  journal = {Revista de publicación},
  year = {2008},
  pages = {65-73},
  owner = {Administrador},
}

@misc{1,
	title = {Galaxy},
	howpublished = {\url{https://usegalaxy.org/}},
	urldate = {2018-10-06},
	file = {Galaxy:/Users/iSowl/Zotero/storage/GFFJLVHS/usegalaxy.org.html:text/html}
}

@misc{2,
	title = {Docker - {Build}, {Ship}, and {Run} {Any} {App}, {Anywhere}},
	howpublished = {\url{https://www.docker.com/}},
	urldate = {2018-10-06},
	file = {Docker - Build, Ship, and Run Any App, Anywhere:/Users/iSowl/Zotero/storage/FQS8BL7G/www.docker.com.html:text/html}
}

@misc{3,
	title = {:whale: {Docker} with {Galaxy} for {Bioinformatic} {Bacterial} {Sequencing} {Workflows}: {Serux}/docker-galaxy-{BioInfWorkflow}},
	howpublished = {\url{https://github.com/Serux/docker-galaxy-BioInfWorkflow}},
	urldate = {2018-10-06},
	author = {Chico, Sergio},
	month = jun,
	year = {2018},
	note = {original-date: 2018-05-17T01:10:05Z}
}


@misc{4,
	title = {Galaxy {API}},
	howpublished = {\url{https://galaxyproject.org/develop/api/}},
	urldate = {2018-10-06},
	file = {Galaxy API:/Users/iSowl/Zotero/storage/AWA3XI5K/api.html:text/html}
}


@misc{5,
	title = {{API} documentation for interacting with {Galaxy} ? {BioBlend} 0.11.0 documentation},
	howpublished = {\url{https://bioblend.readthedocs.io/en/latest/api_docs/galaxy/all.html}},
	urldate = {2018-10-06},
	file = {API documentation for interacting with Galaxy ? BioBlend 0.11.0 documentation:/Users/iSowl/Zotero/storage/LTDHJB9V/all.html:text/html}
}
